[gd_scene load_steps=17 format=2]

[ext_resource path="res://chars/zombie/Zombie.gd" type="Script" id=1]
[ext_resource path="res://assets/sprites/Atoller_3.png" type="Texture" id=2]

[sub_resource type="AtlasTexture" id=1]
atlas = ExtResource( 2 )
region = Rect2( 0, 48, 48, 48 )

[sub_resource type="AtlasTexture" id=2]
atlas = ExtResource( 2 )
region = Rect2( 48, 48, 48, 48 )

[sub_resource type="AtlasTexture" id=3]
atlas = ExtResource( 2 )
region = Rect2( 96, 48, 48, 48 )

[sub_resource type="AtlasTexture" id=4]
atlas = ExtResource( 2 )
region = Rect2( 144, 48, 48, 48 )

[sub_resource type="AtlasTexture" id=5]
atlas = ExtResource( 2 )
region = Rect2( 0, 96, 48, 48 )

[sub_resource type="AtlasTexture" id=6]
atlas = ExtResource( 2 )
region = Rect2( 48, 96, 48, 48 )

[sub_resource type="AtlasTexture" id=7]
atlas = ExtResource( 2 )
region = Rect2( 96, 96, 48, 48 )

[sub_resource type="AtlasTexture" id=8]
atlas = ExtResource( 2 )
region = Rect2( 144, 96, 48, 48 )

[sub_resource type="SpriteFrames" id=9]
animations = [ {
"frames": [ SubResource( 1 ), SubResource( 2 ), SubResource( 3 ), SubResource( 4 ), SubResource( 5 ), SubResource( 6 ), SubResource( 7 ), SubResource( 8 ) ],
"loop": true,
"name": "walk",
"speed": 5.0
} ]

[sub_resource type="RectangleShape2D" id=10]
extents = Vector2( 6.80166, 5 )

[sub_resource type="RectangleShape2D" id=11]
extents = Vector2( 8, 13.8173 )

[sub_resource type="Curve" id=12]
min_value = -200.0
max_value = 200.0
_data = [ Vector2( 0, -200 ), 0.0, 0.0, 0, 0, Vector2( 0.993671, -8.63635 ), 0.0, 0.0, 0, 0 ]

[sub_resource type="CurveTexture" id=13]
curve = SubResource( 12 )

[sub_resource type="ParticlesMaterial" id=14]
emission_shape = 1
emission_sphere_radius = 0.01
flag_align_y = true
flag_disable_z = true
spread = 180.0
gravity = Vector3( 0, 0, 0 )
initial_velocity = 80.0
orbit_velocity = 0.0
orbit_velocity_random = 0.0
linear_accel_curve = SubResource( 13 )
scale = 3.0
color = Color( 0.192157, 0.545098, 0.211765, 1 )

[node name="Zombie" type="KinematicBody2D"]
script = ExtResource( 1 )

[node name="animation" type="AnimatedSprite" parent="."]
frames = SubResource( 9 )
animation = "walk"
playing = true

[node name="collision" type="CollisionShape2D" parent="."]
visible = false
position = Vector2( -0.472469, 5.02369 )
shape = SubResource( 10 )

[node name="hurt" type="Area2D" parent="." groups=[
"enemy",
]]
visible = false
collision_layer = 4
collision_mask = 10

[node name="col_hurt" type="CollisionShape2D" parent="hurt"]
visible = false
position = Vector2( -0.297638, -4.16693 )
shape = SubResource( 11 )

[node name="blood_particles" type="Particles2D" parent="."]
visible = false
amount = 20
lifetime = 0.2
explosiveness = 0.7
fract_delta = false
process_material = SubResource( 14 )

[node name="hide_blood" type="Timer" parent="."]
wait_time = 0.2
one_shot = true

[node name="die" type="Timer" parent="."]

[node name="Tween" type="Tween" parent="."]
[connection signal="area_entered" from="hurt" to="." method="_on_hurt_area_entered"]
[connection signal="timeout" from="hide_blood" to="." method="_on_hide_blood_timeout"]
[connection signal="timeout" from="die" to="." method="_on_die_timeout"]
