[gd_scene load_steps=5 format=2]

[ext_resource path="res://setup/Control.gd" type="Script" id=1]

[sub_resource type="Theme" id=1]

[sub_resource type="StyleBoxFlat" id=2]

[sub_resource type="StyleBoxEmpty" id=3]

[node name="Control_keys" type="Control"]
anchor_right = 1.0
anchor_bottom = 1.0
margin_left = -512.0
margin_top = -300.0
margin_right = -512.0
margin_bottom = -300.0
script = ExtResource( 1 )
__meta__ = {
"_edit_use_anchors_": false
}

[node name="Panel" type="Panel" parent="."]
modulate = Color( 1, 1, 1, 0.505882 )
margin_right = 1024.0
margin_bottom = 600.0
__meta__ = {
"_edit_use_anchors_": false
}

[node name="HBoxContainer" type="HBoxContainer" parent="Panel"]
margin_right = 512.0
margin_bottom = 600.0
__meta__ = {
"_edit_use_anchors_": false
}

[node name="axis_labels" type="VBoxContainer" parent="Panel/HBoxContainer"]
margin_right = 37.0
margin_bottom = 600.0

[node name="axis_0" type="Label" parent="Panel/HBoxContainer/axis_labels"]
margin_right = 37.0
margin_bottom = 14.0
text = "left	"

[node name="axis_1" type="Label" parent="Panel/HBoxContainer/axis_labels"]
margin_top = 18.0
margin_right = 37.0
margin_bottom = 32.0
text = "right"

[node name="axis_2" type="Label" parent="Panel/HBoxContainer/axis_labels"]
margin_top = 36.0
margin_right = 37.0
margin_bottom = 50.0
text = "axis 2"

[node name="axis_3" type="Label" parent="Panel/HBoxContainer/axis_labels"]
margin_top = 54.0
margin_right = 37.0
margin_bottom = 68.0
text = "axis 3"

[node name="Button" type="Button" parent="Panel/HBoxContainer/axis_labels"]
margin_top = 72.0
margin_right = 37.0
margin_bottom = 86.0
theme = SubResource( 1 )
custom_styles/hover = SubResource( 2 )
custom_styles/normal = SubResource( 3 )

[node name="count" type="Label" parent="Panel/HBoxContainer/axis_labels"]
margin_top = 90.0
margin_right = 37.0
margin_bottom = 104.0

[node name="axis_values" type="VBoxContainer" parent="Panel/HBoxContainer"]
margin_left = 41.0
margin_right = 41.0
margin_bottom = 600.0
__meta__ = {
"_edit_use_anchors_": false
}

[node name="axis_0" type="Label" parent="Panel/HBoxContainer/axis_values"]
margin_bottom = 14.0

[node name="axis_1" type="Label" parent="Panel/HBoxContainer/axis_values"]
margin_top = 18.0
margin_bottom = 32.0

[node name="axis_2" type="Label" parent="Panel/HBoxContainer/axis_values"]
margin_top = 36.0
margin_bottom = 50.0

[node name="axis_3" type="Label" parent="Panel/HBoxContainer/axis_values"]
margin_top = 54.0
margin_bottom = 68.0
[connection signal="pressed" from="Panel/HBoxContainer/axis_labels/Button" to="." method="_on_Button_pressed"]
