[gd_scene load_steps=11 format=2]

[ext_resource path="res://assets/sprites/grenade.png" type="Texture" id=1]
[ext_resource path="res://chars/turrets/Grenade.gd" type="Script" id=2]

[sub_resource type="RectangleShape2D" id=1]
extents = Vector2( 60, 60 )

[sub_resource type="Gradient" id=2]
offsets = PoolRealArray( 0, 0.613636 )
colors = PoolColorArray( 0.961423, 0.976562, 0.492096, 1, 0.929688, 0.116211, 0.116211, 1 )

[sub_resource type="GradientTexture" id=3]
gradient = SubResource( 2 )

[sub_resource type="Curve" id=4]
min_value = -200.0
max_value = 200.0
_data = [ Vector2( 0, 200 ), 0.0, 0.0, 0, 0, Vector2( 0.0954774, 200 ), -3514.81, -3514.81, 0, 0, Vector2( 0.190955, -162.273 ), 0.0, 0.0, 0, 0, Vector2( 1, -200 ), 49.988, 0.0, 0, 0 ]

[sub_resource type="CurveTexture" id=5]
curve = SubResource( 4 )

[sub_resource type="Curve" id=6]
_data = [ Vector2( 0, 1 ), 0.0, 0.0, 0, 0, Vector2( 0.9799, 0.192045 ), 0.0, 0.0, 0, 0 ]

[sub_resource type="CurveTexture" id=7]
curve = SubResource( 6 )

[sub_resource type="ParticlesMaterial" id=8]
emission_shape = 1
emission_sphere_radius = 0.01
flag_align_y = true
flag_disable_z = true
direction = Vector3( 0, 0, 0 )
spread = 180.0
gravity = Vector3( 0, 0, 0 )
initial_velocity = 200.0
initial_velocity_random = 0.32
orbit_velocity = 0.0
orbit_velocity_random = 0.0
linear_accel = 100.0
linear_accel_random = 0.2
linear_accel_curve = SubResource( 5 )
scale = 5.0
scale_curve = SubResource( 7 )
color_ramp = SubResource( 3 )

[node name="A2D_Grenade" type="Area2D"]
collision_layer = 2
collision_mask = 4
script = ExtResource( 2 )
__meta__ = {
"_edit_group_": true
}

[node name="CollisionShape2D" type="CollisionShape2D" parent="."]
shape = SubResource( 1 )

[node name="Sprite" type="Sprite" parent="."]
texture = ExtResource( 1 )

[node name="Explosion" type="Particles2D" parent="."]
emitting = false
amount = 100
lifetime = 0.5
one_shot = true
speed_scale = 1.69
explosiveness = 0.5
visibility_rect = Rect2( -10, -10, 20, 20 )
process_material = SubResource( 8 )

[node name="Timer" type="Timer" parent="."]
wait_time = 0.3
one_shot = true
[connection signal="timeout" from="Timer" to="." method="_on_Timer_timeout"]
