[gd_scene load_steps=8 format=2]

[ext_resource path="res://assets/sprites/turrets.png" type="Texture" id=1]
[ext_resource path="res://chars/turrets/Turrets.gd" type="Script" id=2]
[ext_resource path="res://chars/turrets/Gunner_right.tscn" type="PackedScene" id=3]
[ext_resource path="res://chars/turrets/Gunner_left.tscn" type="PackedScene" id=5]

[sub_resource type="RectangleShape2D" id=1]
extents = Vector2( 64, 20 )

[sub_resource type="StyleBoxFlat" id=2]
bg_color = Color( 0.831373, 0.152941, 0.152941, 1 )
border_width_left = 2
border_width_top = 2
border_width_right = 2
border_width_bottom = 2
border_color = Color( 0.894118, 0.886275, 0.356863, 1 )

[sub_resource type="StyleBoxFlat" id=3]
bg_color = Color( 0.894118, 0.886275, 0.356863, 1 )

[node name="Turrets" type="Node2D"]
script = ExtResource( 2 )

[node name="base" type="Area2D" parent="." groups=[
"player",
]]
collision_layer = 8
collision_mask = 4

[node name="Sprite" type="Sprite" parent="base"]
texture = ExtResource( 1 )

[node name="CollisionShape2D" type="CollisionShape2D" parent="base"]
position = Vector2( 0, 8 )
shape = SubResource( 1 )

[node name="gunner_left" parent="." instance=ExtResource( 5 )]
position = Vector2( -30, -30 )

[node name="can_throw_grenade_left" type="Timer" parent="gunner_left"]
wait_time = 2.0

[node name="gunner_right" parent="." instance=ExtResource( 3 )]
position = Vector2( 30, -30 )

[node name="can_throw_grenade_right" type="Timer" parent="gunner_right"]
wait_time = 2.0

[node name="Life_gauge" type="ProgressBar" parent="."]
margin_left = 250.0
margin_top = -250.0
margin_right = 750.0
margin_bottom = -230.0
rect_rotation = 180.0
custom_styles/fg = SubResource( 2 )
custom_styles/bg = SubResource( 3 )
max_value = 1000.0
percent_visible = false
__meta__ = {
"_edit_use_anchors_": false
}

[node name="Label" type="Label" parent="."]
visible = false
margin_left = -70.0
margin_top = -288.652
margin_right = 20.4002
margin_bottom = -274.652
custom_colors/font_color = Color( 0, 0, 0, 1 )
custom_colors/font_color_shadow = Color( 1, 1, 1, 1 )
text = "DEFEND YOUR BASE!!"
__meta__ = {
"_edit_use_anchors_": false
}

[node name="warning" type="Timer" parent="Label"]
wait_time = 0.3
[connection signal="area_entered" from="base" to="." method="_on_base_area_entered"]
[connection signal="timeout" from="gunner_left/can_throw_grenade_left" to="." method="_on_can_throw_grenade_left_timeout"]
[connection signal="timeout" from="gunner_right/can_throw_grenade_right" to="." method="_on_can_throw_grenade_right_timeout"]
[connection signal="timeout" from="Label/warning" to="." method="_on_warning_timeout"]
